@phdthesis{cusumano-towner-thesis,
  author       = {Marco Cusumano-Towner}, 
  title        = {Gen: A High-Level Programming Platform for Probabilistic Inference},
  school       = {Massachusetts Institute of Technology},
  year         = 2020
}

@article{cusumano2016quantifying,
  title={Quantifying the probable approximation error of probabilistic inference programs},
  author={Cusumano-Towner, Marco F and Mansinghka, Vikash K},
  journal={arXiv preprint arXiv:1606.00068},
  year={2016}
}
@article{grosse2016measuring,
  title={{Measuring the reliability of MCMC inference with bidirectional Monte Carlo}},
  author={Grosse, Roger B and Ancha, Siddharth and Roy, Daniel M},
  journal={arXiv preprint arXiv:1606.02275},
  year={2016}
}
@article{narayanan2020symbolic,
  title={Symbolic disintegration with a variety of base measures},
  author={Narayanan, Praveen and Shan, Chung-chieh},
  journal={ACM Transactions on Programming Languages and Systems (TOPLAS)},
  volume={42},
  number={2},
  pages={1--60},
  year={2020},
  publisher={ACM New York, NY, USA}
}
@article{Neal2001,
archivePrefix = {arXiv},
arxivId = {physics/9803008},
author = {Neal, Radford M.},
doi = {10.1023/A:1008923215028},
eprint = {9803008},
isbn = {9780874216561},
issn = {09603174},
journal = {Statistics and Computing},
keywords = {Estimation of normalizing constants,Free energy computation,Sequential importance sampling,Tempered transitions},
number = {2},
pages = {125--139},
pmid = {17705625},
primaryClass = {physics},
title = {{Annealed importance sampling}},
volume = {11},
year = {2001}
}
@article{andrieu2010particle,
  title={{Particle Markov chain Monte Carlo methods}},
  author={Andrieu, Christophe and Doucet, Arnaud and Holenstein, Roman},
  journal={Journal of the Royal Statistical Society: Series B (Statistical Methodology)},
  volume={72},
  number={3},
  pages={269--342},
  year={2010},
  publisher={Wiley Online Library}
}
@article{del2006sequential,
  title={{Sequential Monte Carlo samplers}},
  author={Del Moral, Pierre and Doucet, Arnaud and Jasra, Ajay},
  journal={Journal of the Royal Statistical Society: Series B (Statistical Methodology)},
  volume={68},
  number={3},
  pages={411--436},
  year={2006},
  publisher={Wiley Online Library}
}
@article{mansinghka2014venture,
  title={Venture: a higher-order probabilistic programming platform with programmable inference},
  author={Mansinghka, Vikash and Selsam, Daniel and Perov, Yura},
  journal={arXiv preprint arXiv:1404.0099},
  year={2014}
}
@MastersThesis{lua2016,
    author     =     {Anthony Lu},
    title     =     {{Venture: an extensible platform for probabilistic meta-programming}},
    school     =     {Massachusetts Institute of Technology},
    year     =     {2016},
}
@article{kingma2013auto,
  title={Auto-encoding variational bayes},
  author={Kingma, Diederik P and Welling, Max},
  journal={arXiv preprint arXiv:1312.6114},
  year={2013}
}
@article{mnih2014neural,
  title={Neural variational inference and learning in belief networks},
  author={Mnih, Andriy and Gregor, Karol},
  journal={arXiv preprint arXiv:1402.0030},
  year={2014}
}
@article{andrieu2003introduction,
  title={{An introduction to MCMC for machine learning}},
  author={Andrieu, Christophe and De Freitas, Nando and Doucet, Arnaud and Jordan, Michael I},
  journal={Machine learning},
  volume={50},
  number={1-2},
  pages={5--43},
  year={2003},
  publisher={Springer}
}
@inproceedings{goodman2012church,
title         = {Church: a language for generative models},
author        = {Goodman, Noah and Mansinghka, Vikash and Roy, Daniel M. and Bonawitz, Keith and Tenenbaum, Joshua B.},
booktitle     = {Proceedings of the 24th Annual Conference on Uncertainty in Artificial Intelligence},
series        = {UAI 2008},
pages         = {220--229},
year          = {2008},
publisher     = {AUAI Press},
}

@article{mansinghka2015bayesdb,
  title={BayesDB: A probabilistic programming system for querying the probable implications of data},
  author={Mansinghka, Vikash and Tibbetts, Richard and Baxter, Jay and Shafto, Pat and Eaves, Baxter},
  journal={arXiv preprint arXiv:1512.05006},
  year={2015}
}
@article{saad2016probabilistic,
  title={Probabilistic Data Analysis with Probabilistic Programming},
  author={Saad, Feras and Mansinghka, Vikash},
  journal={arXiv preprint arXiv:1608.05347},
  year={2016}
}
@inproceedings{wood2014new,
  title={A New Approach to Probabilistic Programming Inference.},
  author={Wood, Frank and van de Meent, Jan-Willem and Mansinghka, Vikash},
  booktitle={AISTATS},
  pages={1024--1032},
  year={2014}
}
@misc{dippl,
  title = {{The Design and Implementation of Probabilistic Programming Languages}},
  author = {Goodman, Noah D and Stuhlm\"{u}ller, Andreas},
  year = {2014},
  howpublished = {\url{http://dippl.org}},
  note = {Accessed: 2016-10-31}
}
@inproceedings{wingate2011lightweight,
  title={Lightweight Implementations of Probabilistic Programming Languages Via Transformational Compilation.},
  author={Wingate, David and Stuhlm{\"u}ller, Andreas and Goodman, Noah D},
  booktitle={AISTATS},
  pages={770--778},
  year={2011}
}
@inproceedings{morris2001recognition,
  title={Recognition networks for approximate inference in BN20 networks},
  author={Morris, Quaid},
  booktitle={Proceedings of the Seventeenth conference on Uncertainty in artificial intelligence},
  pages={370--377},
  year={2001},
  organization={Morgan Kaufmann Publishers Inc.}
}
@article{cusumanotowner2016smc,
  title={Measuring the non-asymptotic convergence of sequential {Monte} {Carlo} samplers using probabilistic programming},
  author={Cusumano-Towner, Marco F and Mansinghka, Vikash K},
  journal={Submitted to the NIPS 2016 Workshop Advances in Approximate Bayesian Inference},
  year={2016}
}
@article{andrieu2009,
    author = "Andrieu, Christophe and Roberts, Gareth O.",
    doi = "10.1214/07-AOS574",
    fjournal = "The Annals of Statistics",
    journal = "Ann. Statist.",
    month = "04",
    number = "2",
    pages = "697--725",
    publisher = "The Institute of Mathematical Statistics",
    title = "The pseudo-marginal approach for efficient Monte Carlo computations",
    url = "http://dx.doi.org/10.1214/07-AOS574",
    volume = "37",
    year = "2009"
}
@article{fischler1981random,
  title={Random sample consensus: a paradigm for model fitting with applications to image analysis and automated cartography},
  author={Fischler, Martin A and Bolles, Robert C},
  journal={Communications of the ACM},
  volume={24},
  number={6},
  pages={381--395},
  year={1981},
  publisher={ACM}
}
@misc{cusumano2017gen,
    author = {Cusumano-Towner, Marco and Mansinghka, Vikash and others},
    title = "{Gen.jl: A probabilistic meta-programming platform and compositional inference programming library.}",
    howpublished = {\url{https://github.com/probcomp/Gen.jl}},
    year = 2017
}
@article{smith1992bayesian,
  title={Bayesian statistics without tears: a sampling--resampling perspective},
  author={Smith, Adrian FM and Gelfand, Alan E},
  journal={The American Statistician},
  volume={46},
  number={2},
  pages={84--88},
  year={1992},
  publisher={Taylor \& Francis Group}
}
@article{le2016inference,
  title={Inference compilation and universal probabilistic programming},
  author={Le, Tuan Anh and Baydin, Atilim Gunes and Wood, Frank},
  journal={arXiv preprint arXiv:1610.09900},
  year={2016}
}
@inproceedings{stuhlmuller2013learning,
  title={Learning stochastic inverses},
  author={Stuhlm{\"u}ller, Andreas and Taylor, Jacob and Goodman, Noah},
  booktitle={Advances in neural information processing systems},
  pages={3048--3056},
  year={2013}
}
@article{cusumano2017probabilistic,
  title={Probabilistic programs for inferring the goals of autonomous agents},
  author={Cusumano-Towner, Marco F and Radul, Alexey and Wingate, David and Mansinghka, Vikash K},
  journal={arXiv preprint arXiv:1704.04977},
  year={2017}
}
@inproceedings{ritchie2016neurally,
  title={Neurally-guided procedural models: Amortized inference for procedural graphics programs using neural networks},
  author={Ritchie, Daniel and Thomas, Anna and Hanrahan, Pat and Goodman, Noah},
  booktitle={Advances in Neural Information Processing Systems},
  pages={622--630},
  year={2016}
}
@inproceedings{mnih2016variational,
  title={Variational inference for monte carlo objectives},
  author={Mnih, Andriy and Rezende, Danilo},
  booktitle={International Conference on Machine Learning},
  pages={2188--2196},
  year={2016}
}
@inproceedings{schulman2015gradient,
  title={Gradient estimation using stochastic computation graphs},
  author={Schulman, John and Heess, Nicolas and Weber, Theophane and Abbeel, Pieter},
  booktitle={Advances in Neural Information Processing Systems},
  pages={3528--3536},
  year={2015}
}
@article{kingma2014adam,
  title={Adam: A method for stochastic optimization},
  author={Kingma, Diederik and Ba, Jimmy},
  journal={arXiv preprint arXiv:1412.6980},
  year={2014}
}
@inproceedings{johnson2016composing,
  title={Composing graphical models with neural networks for structured representations and fast inference},
  author={Johnson, Matthew and Duvenaud, David K and Wiltschko, Alex and Adams, Ryan P and Datta, Sandeep R},
  booktitle={Advances in neural information processing systems},
  pages={2946--2954},
  year={2016}
}
@inproceedings{paige2016inference,
  title={Inference networks for sequential Monte Carlo in graphical models},
  author={Paige, Brooks and Wood, Frank},
  booktitle={International Conference on Machine Learning},
  pages={3040--3049},
  year={2016}
}
@article{wang2017neural,
  title={Neural Block Sampling},
  author={Wang, Tongzhou and Wu, Yi and Moore, David A and Russell, Stuart J},
  journal={arXiv preprint arXiv:1708.06040},
  year={2017}
}
@article{williams1992simple,
  title={Simple statistical gradient-following algorithms for connectionist reinforcement learning},
  author={Williams, Ronald J},
  journal={Machine learning},
  volume={8},
  number={3-4},
  pages={229--256},
  year={1992},
  publisher={Springer}
}
@article{fearnhead2008particle,
  title={Particle filters for partially observed diffusions},
  author={Fearnhead, Paul and Papaspiliopoulos, Omiros and Roberts, Gareth O},
  journal={Journal of the Royal Statistical Society: Series B (Statistical Methodology)},
  volume={70},
  number={4},
  pages={755--777},
  year={2008},
  publisher={Wiley Online Library}
}
@article{storvik2011flexibility,
  title={On the flexibility of Metropolis--Hastings acceptance probabilities in auxiliary variable proposal generation},
  author={Storvik, Geir},
  journal={Scandinavian Journal of Statistics},
  volume={38},
  number={2},
  pages={342--358},
  year={2011},
  publisher={Wiley Online Library}
}
@article{andrieu2010particle,
  title={Particle markov chain monte carlo methods},
  author={Andrieu, Christophe and Doucet, Arnaud and Holenstein, Roman},
  journal={Journal of the Royal Statistical Society: Series B (Statistical Methodology)},
  volume={72},
  number={3},
  pages={269--342},
  year={2010},
  publisher={Wiley Online Library}
}
@article{bezanson2017julia,
  title={Julia: A fresh approach to numerical computing},
  author={Bezanson, Jeff and Edelman, Alan and Karpinski, Stefan and Shah, Viral B},
  journal={SIAM Review},
  volume={59},
  number={1},
  pages={65--98},
  year={2017},
  publisher={SIAM}
}
@article{tierney1994markov,
  title={Markov chains for exploring posterior distributions},
  author={Tierney, Luke},
  journal={the Annals of Statistics},
  pages={1701--1728},
  year={1994},
  publisher={JSTOR}
}
@article{cusumano2016encapsulating,
  title={Encapsulating models and approximate inference programs in probabilistic modules},
  author={Cusumano-Towner, Marco F and Mansinghka, Vikash K},
  journal={arXiv preprint arXiv:1612.04759},
  year={2016}
}
@inproceedings{gehr2016psi,
  title={Psi: Exact symbolic inference for probabilistic programs},
  author={Gehr, Timon and Misailovic, Sasa and Vechev, Martin},
  booktitle={International Conference on Computer Aided Verification},
  pages={62--83},
  year={2016},
  organization={Springer}
}
@article{ritchie2016deep,
  title={Deep Amortized Inference for Probabilistic Programs},
  author={Ritchie, Daniel and Horsfall, Paul and Goodman, Noah D},
  journal={arXiv preprint arXiv:1610.05735},
  year={2016}
}

@inproceedings{cusumano2017aide,
  title={AIDE: An algorithm for measuring the accuracy of probabilistic inference algorithms},
  author={Cusumano-Towner, Marco and Mansinghka, Vikash K},
  booktitle={Advances in Neural Information Processing Systems},
  pages={3000--3010},
  year={2017}
}


@inproceedings{cusumano2019gen,
  title={Gen: A general-purpose probabilistic programming system with programmable inference},
  author={Cusumano-Towner, Marco F and Saad, Feras A and Lew, Alexander K and Mansinghka, Vikash K},
  booktitle={Proceedings of the 40th ACM SIGPLAN Conference on Programming Language Design and Implementation},
  pages={221--236},
  year={2019},
  organization={ACM}
}

@article{richardson1997bayesian,
  title={{On Bayesian analysis of mixtures with an unknown number of components (with discussion)}},
  author={Richardson, Sylvia and Green, Peter J},
  journal={Journal of the Royal Statistical Society: series B (statistical methodology)},
  volume={59},
  number={4},
  pages={731--792},
  year={1997},
  publisher={Wiley Online Library}
}

@article{green1995reversible,
  title={{Reversible jump Markov chain Monte Carlo computation and Bayesian model determination}},
  author={Green, Peter J},
  journal={Biometrika},
  volume={82},
  number={4},
  pages={711--732},
  year={1995},
  publisher={Oxford University Press}
}

@article{tierney1998note,
  title={{A note on Metropolis-Hastings kernels for general state spaces}},
  author={Tierney, Luke},
  journal={Annals of applied probability},
  pages={1--9},
  year={1998},
  publisher={JSTOR}
}

@article{imcmc,
    title={{Involutive MCMC: A Unifying Framework}},
    author={Kirill Neklyudov and Max Welling and Evgenii Egorov and Dmitry Vetrov},
    year={2020},
    journal={arXiv preprint arXiv:2006.16653},
}

@article{verified_svi,
  title={Towards verified stochastic variational inference for probabilistic programs},
  author={Lee, Wonyeol and Yu, Hangyeol and Rival, Xavier and Yang, Hongseok},
  journal={Proceedings of the ACM on Programming Languages},
  volume={4},
  number={POPL},
  pages={1--33},
  year={2019},
  publisher={ACM New York, NY, USA}
}

@article{hmc,
  title={{Hybrid Monte Carlo}},
  author={Duane, Simon and Kennedy, Anthony D and Pendleton, Brian J and Roweth, Duncan},
  journal={Physics letters B},
  volume={195},
  number={2},
  pages={216--222},
  year={1987},
  publisher={Elsevier}
}

@inproceedings{cyclegan,
  title={Unpaired image-to-image translation using cycle-consistent adversarial networks},
  author={Zhu, Jun-Yan and Park, Taesung and Isola, Phillip and Efros, Alexei A},
  booktitle={Proceedings of the IEEE international conference on computer vision},
  pages={2223--2232},
  year={2017}
}

@article{popltraces,
  title={Trace types and denotational semantics for sound programmable inference in probabilistic languages},
  author={Lew, Alexander K and Cusumano-Towner, Marco F and Sherman, Benjamin and Carbin, Michael and Mansinghka, Vikash K},
  journal={Proceedings of the ACM on Programming Languages},
  volume={4},
  number={POPL},
  pages={1--32},
  year={2019},
  publisher={ACM New York, NY, USA}
}

@article{hastie2012model,
  title={{Model choice using reversible jump Markov chain Monte Carlo}},
  author={Hastie, David I and Green, Peter J},
  journal={Statistica Neerlandica},
  volume={66},
  number={3},
  pages={309--338},
  year={2012},
  publisher={Wiley Online Library}
}

@article{tenenbaum2011grow,
  title={How to grow a mind: Statistics, structure, and abstraction},
  author={Tenenbaum, Joshua B and Kemp, Charles and Griffiths, Thomas L and Goodman, Noah D},
  journal={Science},
  volume={331},
  number={6022},
  pages={1279--1285},
  year={2011},
  publisher={American Association for the Advancement of Science}
}


@article{huelsenbeck2004bayesian,
  title={{Bayesian phylogenetic model selection using reversible jump Markov chain Monte Carlo}},
  author={Huelsenbeck, John P and Larget, Bret and Alfaro, Michael E},
  journal={Molecular biology and evolution},
  volume={21},
  number={6},
  pages={1123--1133},
  year={2004},
  publisher={Society for Molecular Biology and Evolution}
}

@inproceedings{geiger2011generative,
  title={{A generative model for 3D urban scene understanding from movable platforms}},
  author={Geiger, Andreas and Lauer, Martin and Urtasun, Raquel},
  booktitle={CVPR 2011},
  pages={1945--1952},
  year={2011},
  organization={IEEE}
}

@article{cusumano2018using,
  title={Using probabilistic programs as proposals},
  author={Cusumano-Towner, Marco F and Mansinghka, Vikash K},
  journal={arXiv preprint arXiv:1801.03612},
  year={2018}
}

@inproceedings{roberts2019reversible,
  title={Reversible jump probabilistic programming},
  author={Roberts, David A and Gallagher, Marcus and Taimre, Thomas},
  booktitle={The 22nd International Conference on Artificial Intelligence and Statistics},
  pages={634--643},
  year={2019}
}

@misc{gen-inv-mcmc,
  title = {{Inference library of the Gen probabilistic programming system}}, 
  author = {Cusumano-Towner, Marco},
  year = {2018},
  howpublished = {\url{https://github.com/probcomp/Gen.jl/blob/b9d72b/src/inference/mh.jl#L73-L108}},
  note = {Accessed: 2018-12-27}
}

@article{merrell2020inferring,
  title={Inferring Signaling Pathways with Probabilistic Programming},
  author={Merrell, David and Gitter, Anthony},
  journal={Proceedings of the Nineteenth European Conference of Computational Biology},
  year={2020}
}

@article{zhi2020online,
  title={{Online Bayesian goal inference for boundedly-rational planning agents}},
  author={Zhi-Xuan, Tan and Mann, Jordyn L and Silver, Tom and Tenenbaum, Joshua B and Mansinghka, Vikash K},
  journal={arXiv preprint arXiv:2006.07532},
  year={2020}
}

@article{cusumano2018using,
  title={Using probabilistic programs as proposals},
  author={Cusumano-Towner, Marco F and Mansinghka, Vikash K},
  journal={arXiv preprint arXiv:1801.03612},
  year={2018}
}

@article{spanbauer2020deep,
  title={Deep Involutive Generative Models for Neural {MCMC}},
  author={Spanbauer, Span and Freer, Cameron and Mansinghka, Vikash},
  journal={arXiv preprint arXiv:2006.15167},
  year={2020}
}

@article{hastie2012model,
  title={{Model choice using reversible jump Markov chain Monte Carlo}},
  author={Hastie, David I and Green, Peter J},
  journal={Statistica Neerlandica},
  volume={66},
  number={3},
  pages={309--338},
  year={2012},
  publisher={Wiley Online Library}
}

@article{chang1997conditioning,
  title={Conditioning as disintegration},
  author={Chang, Joseph T and Pollard, David},
  journal={Statistica Neerlandica},
  volume={51},
  number={3},
  pages={287--317},
  year={1997},
  publisher={Wiley Online Library}
}

@inproceedings{grosse2012exploiting,
author        = {Grosse, Roger B. and Salakhutdinov, Ruslan and Freeman, William T. and Tenenbaum, Joshua B.},
title         = {Exploiting compositionality to explore a large space of model structures},
booktitle     = {Proceedings of the 28th Conference on Uncertainty in Artificial Intelligence},
series        = {UAI 2012},
year          = {2012},
pages         = {306--315},
numpages      = {10},
publisher     = {AUAI Press},
}

@article{saad2019bayesian,
  title={Bayesian synthesis of probabilistic programs for automatic data modeling},
  author={Saad, Feras A and Cusumano-Towner, Marco F and Schaechtle, Ulrich and Rinard, Martin C and Mansinghka, Vikash K},
  journal={Proceedings of the ACM on Programming Languages},
  volume={3},
  number={POPL},
  pages={1--32},
  year={2019},
  publisher={ACM New York, NY, USA}
}

@article{schaechtle2016time,
  title={Time series structure discovery via probabilistic program synthesis},
  author={Schaechtle, Ulrich and Saad, Feras and Radul, Alexey and Mansinghka, Vikash},
  journal={arXiv preprint arXiv:1611.07051},
  year={2016}
}

@inproceedings{cusumano2018incremental,
title         = {Incremental inference for probabilistic programs},
author        = {Cusumano-Towner, Marco and Bichsel, Benjamin and Gehr, Timon and Vechev, Martin and Mansinghka, Vikash K.},
booktitle     = {Proceedings of the 39th ACM SIGPLAN Conference on Programming Language Design and Implementation},
series        = {PLDI 2018},
pages         = {571--585},
year          = {2018},
publisher     = {ACM}
}

@inproceedings{bishop2003vibes,
  title={{VIBES}: {A} variational inference engine for Bayesian networks},
  author={Bishop, Christopher M and Spiegelhalter, David and Winn, John},
  booktitle={Advances in neural information processing systems},
  pages={793--800},
  year={2003}
}

@article{gilks1994language,
title         = {{A language and program for complex Bayesian modelling}},
author        = {Gilks, Wally R and Thomas, Andrew and Spiegelhalter, David J},
journal       = {Journal of the Royal Statistical Society: Series D (The Statistician)},
volume        = {43},
number        = {1},
pages         = {169--177},
year          = {1994},
publisher     = {John Wiley \& Sons},
}

@article{pfeffer200714,
  title={{The design and implementation of IBAL: A general-purpose probabilistic language}},
  author={Pfeffer, Avi},
  journal={Introduction to statistical relational learning},
  pages={399},
  year={2007},
  publisher={MIT Press}
}

@inproceedings{milch2007,
title         = {{BLOG}: Probabilistic models with unknown objects},
author        = {Brian Milch and Bhaskara Marthi and Stuart Russell and David Sontag and Ong, Daniel L. and Andrey Kolobov},
booktitle     = {Proceedings of the Nineteenth International Joint Conference on Artificial Intelligence},
series        = {IJCAI 2005},
year          = {2005},
pages         = {1352--1359},
publisher     = {Morgan Kaufmann Publishers Inc.},
}


@article{mansinghka2014venture,
  title={Venture: a higher-order probabilistic programming platform with programmable inference},
  author={Mansinghka, Vikash and Selsam, Daniel and Perov, Yura},
  journal={arXiv preprint arXiv:1404.0099},
  year={2014}
}

@inproceedings{wingate2011lightweight,
  title={Lightweight implementations of probabilistic programming languages via transformational compilation},
  author={Wingate, David and Stuhlm{\"u}ller, Andreas and Goodman, Noah},
  booktitle={Proceedings of the Fourteenth International Conference on Artificial Intelligence and Statistics},
  pages={770--778},
  year={2011}
}

@inproceedings{tolpin2015probabilistic,
  title={{Probabilistic programming in Anglican}},
  author={Tolpin, David and van de Meent, Jan-Willem and Wood, Frank},
  booktitle={Joint European Conference on Machine Learning and Knowledge Discovery in Databases},
  pages={308--311},
  year={2015},
  organization={Springer}
}

@inproceedings{gehr2016psi,
  title={{PSI: Exact symbolic inference for probabilistic programs}},
  author={Gehr, Timon and Misailovic, Sasa and Vechev, Martin},
  booktitle={International Conference on Computer Aided Verification},
  pages={62--83},
  year={2016},
  organization={Springer}
}

@article{bingham2019pyro,
  title={{Pyro: Deep universal probabilistic programming}},
  author={Bingham, Eli and Chen, Jonathan P and Jankowiak, Martin and Obermeyer, Fritz and Pradhan, Neeraj and Karaletsos, Theofanis and Singh, Rohit and Szerlip, Paul and Horsfall, Paul and Goodman, Noah D},
  journal={The Journal of Machine Learning Research},
  volume={20},
  number={1},
  pages={973--978},
  year={2019},
  publisher={JMLR. org}
}

@inproceedings{mansinghka2018probabilistic,
  title={Probabilistic programming with programmable inference},
  author={Mansinghka, Vikash K and Schaechtle, Ulrich and Handa, Shivam and Radul, Alexey and Chen, Yutian and Rinard, Martin},
  booktitle={Proceedings of the 39th ACM SIGPLAN Conference on Programming Language Design and Implementation},
  pages={603--616},
  year={2018}
}

@article{carpenter2017stan,
  title={{Stan: A probabilistic programming language}},
  author={Carpenter, Bob and Gelman, Andrew and Hoffman, Matthew D and Lee, Daniel and Goodrich, Ben and Betancourt, Michael and Brubaker, Marcus and Guo, Jiqiang and Li, Peter and Riddell, Allen},
  journal={Journal of statistical software},
  volume={76},
  number={1},
  year={2017},
  publisher={Columbia Univ., New York, NY (United States); Harvard Univ., Cambridge, MA~…}
}

@InProceedings{roberts2019,
  title = 	 {Reversible Jump Probabilistic Programming},
  author = 	 {Roberts, David A. and Gallagher, Marcus and Taimre, Thomas},
  booktitle = 	 {Proceedings of Machine Learning Research},
  pages = 	 {634--643},
  year = 	 {2019},
  editor = 	 {Chaudhuri, Kamalika and Sugiyama, Masashi},
  volume = 	 {89},
  series = 	 {Proceedings of Machine Learning Research},
  address = 	 {},
  month = 	 {16--18 Apr},
  publisher = 	 {PMLR},
  pdf = 	 {http://proceedings.mlr.press/v89/roberts19a/roberts19a.pdf},
  url = 	 {http://proceedings.mlr.press/v89/roberts19a.html},
  abstract = 	 {In this paper we present a method for automatically deriving a Reversible Jump Markov chain Monte Carlo sampler from probabilistic programs that specify the target and proposal distributions. The main challenge in automatically deriving such an inference procedure, in comparison to deriving a generic Metropolis-Hastings sampler, is in calculating the Jacobian adjustment to the proposal acceptance ratio. To achieve this, our approach relies on the interaction of several different components, including automatic differentiation, transformation inversion, and optimised code generation. We also present Stochaskell, a new probabilistic programming language embedded in Haskell, which provides an implementation of our method.}
}

@article{ritchie2016deep,
  title={Deep amortized inference for probabilistic programs},
  author={Ritchie, Daniel and Horsfall, Paul and Goodman, Noah D},
  journal={arXiv preprint arXiv:1610.05735},
  year={2016}
}
@article{richardson1997bayesian,
  title={{On Bayesian analysis of mixtures with an unknown number of components (with discussion)}},
  author={Richardson, Sylvia and Green, Peter J},
  journal={Journal of the Royal Statistical Society: series B (statistical methodology)},
  volume={59},
  number={4},
  pages={731--792},
  year={1997},
  publisher={Wiley Online Library}
}

